<?xml version="1.0" encoding="UTF-8"?><record xmlns="http://www.loc.gov/MARC21/slim" xmlns:cinclude="http://apache.org/cocoon/include/1.0" xmlns:zs="http://www.loc.gov/zing/srw/">
  <leader>00666cz  a2200169n  4500</leader>
  <controlfield tag="001">n  00035099 </controlfield>
  <controlfield tag="003">DLC</controlfield>
  <controlfield tag="005">20060210052110.0</controlfield>
  <controlfield tag="008">001003n| acannaabn          |a aaa      </controlfield>
  <datafield tag="010" ind1=" " ind2=" ">
    <subfield code="a">n  00035099 </subfield>
  </datafield>
  <datafield tag="035" ind1=" " ind2=" ">
    <subfield code="a">(OCoLC)oca05326488</subfield>
  </datafield>
  <datafield tag="040" ind1=" " ind2=" ">
    <subfield code="a">DLC</subfield>
    <subfield code="b">eng</subfield>
    <subfield code="c">DLC</subfield>
    <subfield code="d">DLC</subfield>
    <subfield code="d">WU</subfield>
  </datafield>
  <datafield tag="100" ind1="1" ind2=" ">
    <subfield code="a">Šerif, Ahmet</subfield>
  </datafield>
  <datafield tag="400" ind1="1" ind2=" ">
    <subfield code="a">Sherif, Ahmet</subfield>
  </datafield>
  <datafield tag="667" ind1=" " ind2=" ">
    <subfield code="a">Cannot identify with: Ahmet Şerif (n 79-067216)</subfield>
  </datafield>
  <datafield tag="670" ind1=" " ind2=" ">
    <subfield code="a">Turski dokumenti za istorijata na Makedonija. Popisi od XIX vek, 1996- :</subfield>
    <subfield code="b">v. 1, t.p. (m-r Ahmet Šerif)</subfield>
  </datafield>
  <datafield tag="670" ind1=" " ind2=" ">
    <subfield code="a">1844/45 yıllarında üsküp'ün islami ... 2003:</subfield>
    <subfield code="b">t.p. (Ahmet Şerif) dos-a-dos title: Pasuria e nënpunësve musliman ... t.p. (Ahmet Sherif)</subfield>
  </datafield>
</record>